@inproceedings{aggarwal2001surprising,
  title={On the surprising behavior of distance metrics in high dimensional space},
  author={Aggarwal, Charu C and Hinneburg, Alexander and Keim, Daniel A},
  booktitle={International conference on database theory},
  pages={420--434},
  year={2001},
  organization={Springer}
}

@inproceedings{agarwal2004k,
  title={K-means projective clustering},
  author={Agarwal, Pankaj K and Mustafa, Nabil H},
  booktitle={Proceedings of the twenty-third ACM SIGMOD-SIGACT-SIGART symposium on Principles of database systems},
  pages={155--165},
  year={2004},
  organization={ACM}
}

@book{aggarwal2014frequent,
  title={Frequent pattern mining},
  author={Aggarwal, Charu C and Han, Jiawei},
  year={2014},
  publisher={Springer}
}

@article{aloise2009np,
  title={NP-hardness of Euclidean sum-of-squares clustering},
  author={Aloise, Daniel and Deshpande, Amit and Hansen, Pierre and Popat, Preyas},
  journal={Machine learning},
  volume={75},
  number={2},
  pages={245--248},
  year={2009},
  publisher={Springer}
}

@inproceedings{asteris2015orthogonal,
  title={Orthogonal NMF through subspace exploration},
  author={Asteris, Megasthenis and Papailiopoulos, Dimitris and Dimakis, Alexandros G},
  booktitle={Advances in Neural Information Processing Systems},
  pages={343--351},
  year={2015}
}

@article{attouch2010proximal,
  title={Proximal alternating minimization and projection methods for nonconvex problems: An approach based on the Kurdyka-{\L}ojasiewicz inequality},
  author={Attouch, H{\'e}dy and Bolte, J{\'e}r{\^o}me and Redont, Patrick and Soubeyran, Antoine},
  journal={Mathematics of Operations Research},
  volume={35},
  number={2},
  pages={438--457},
  year={2010},
  publisher={INFORMS}
}

@article{belohlavek2010discovery,
  title={Discovery of optimal factors in binary data via a novel method of matrix decomposition},
  author={Belohlavek, Radim and Vychodil, Vilem},
  journal={Journal of Computer and System Sciences},
  volume={76},
  number={1},
  pages={3--20},
  year={2010},
  publisher={Elsevier}
}

@article{belohlavek2015below,
  title={From-below approximations in Boolean matrix factorization: Geometry and new algorithm},
  author={Belohlavek, Radim and Trnecka, Martin},
  journal={Journal of Computer and System Sciences},
  volume={81},
  number={8},
  pages={1678--1697},
  year={2015},
  publisher={Elsevier}
}

@article{benjamini1995controlling,
  title={Controlling the false discovery rate: a practical and powerful approach to multiple testing},
  author={Benjamini, Yoav and Hochberg, Yosef},
  journal={Journal of the royal statistical society. Series B (Methodological)},
  pages={289--300},
  year={1995},
  publisher={JSTOR}
}


@inproceedings{beyer1999nearest,
  title={When is “nearest neighbor” meaningful?},
  author={Beyer, Kevin and Goldstein, Jonathan and Ramakrishnan, Raghu and Shaft, Uri},
  booktitle={International conference on database theory},
  pages={217--235},
  year={1999},
  organization={Springer}
}

@article{blei2003latent,
  title={Latent dirichlet allocation},
  author={Blei, David M and Ng, Andrew Y and Jordan, Michael I},
  journal={Journal of machine Learning research},
  volume={3},
  number={Jan},
  pages={993--1022},
  year={2003}
}


@inproceedings{bojchevski2017robust,
 author = {Bojchevski, Aleksandar and Matkovic, Yves and G\"{u}nnemann, Stephan},
 title = {Robust Spectral Clustering for Noisy Data: Modeling Sparse Corruptions Improves Latent Embeddings},
 booktitle = {Proc.\@ KDD},
 year = {2017},
 pages = {737--746}
}

@article{bolte2014proximal,
  title={Proximal alternating linearized minimization or nonconvex and nonsmooth problems},
  author={Bolte, J{\'e}r{\^o}me and Sabach, Shoham and Teboulle, Marc},
  journal={Mathematical Programming},
  volume={146},
  number={1-2},
  pages={459--494},
  year={2014},
  publisher={Springer}
}

@article{busygin2008biclustering,
  title={Biclustering in data mining},
  author={Busygin, Stanislav and Prokopyev, Oleg and Pardalos, Panos M},
  journal={Computers \& Operations Research},
  volume={35},
  number={9},
  pages={2964--2987},
  year={2008},
  publisher={Elsevier}
}

@article{celebi2013comparative,
  title={A comparative study of efficient initialization methods for the k-means clustering algorithm},
  author={Celebi, M Emre and Kingravi, Hassan A and Vela, Patricio A},
  journal={Expert systems with applications},
  volume={40},
  number={1},
  pages={200--210},
  year={2013},
  publisher={Elsevier}
}

@inproceedings{chawla2013kmeans,
  title={k-means--: A unified approach to clustering and outlier detection},
  author={Chawla, Sanjay and Gionis, Aristides},
  booktitle={Proceedings of the 2013 SIAM International Conference on Data Mining},
  pages={189--197},
  year={2013},
  organization={SIAM}
}

@inproceedings{cheng2000biclustering,
  title={Biclustering of expression data.},
  author={Cheng, Yizong and Church, George M},
  booktitle={Ismb},
  volume={8},
  pages={93--103},
  year={2000}
}

@inproceedings{cho2004minimum,
  title={Minimum sum-squared residue co-clustering of gene expression data},
  author={Cho, Hyuk and Dhillon, Inderjit S and Guan, Yuqiang and Sra, Suvrit},
  booktitle={Proceedings of the 2004 SIAM International Conference on Data Mining},
  pages={114--125},
  year={2004},
  organization={SIAM}
}

@book{cichocki2009nonnegative,
  title={Nonnegative matrix and tensor factorizations: applications to exploratory multi-way data analysis and blind source separation},
  author={Cichocki, Andrzej and Zdunek, Rafal and Phan, Anh Huy and Amari, Shun-ichi},
  year={2009},
  publisher={John Wiley \& Sons}
}

@book{chung1997spectral,
  title={Spectral graph theory},
  author={Chung, Fan RK},
  %number={92},
  year={1997},
  publisher={American Mathematical Soc.}
}

@article{collatz1978spektren,
  title={Spektren periodischer Graphen},
  author={Collatz, Lothar},
  journal={Results in Mathematics},
  volume={1},
  number={1-2},
  pages={42--53},
  year={1978},
  publisher={Springer}
}

@book{cover2012elements,
  title={Elements of information theory},
  author={Cover, Thomas M and Thomas, Joy A},
  year={2012},
  publisher={John Wiley \& Sons}
}

@article{deBie2011maximum,
author={De Bie, Tijl},
title={Maximum entropy models and subjective interestingness: an application to tiles in binary databases},
journal={Data Mining and Knowledge Discovery},
year={2011},
volume={23},
number={3},
pages={407--446},
}

@inproceedings{dhillon2001co,
  title={Co-clustering documents and words using bipartite spectral graph partitioning},
  author={Dhillon, Inderjit S},
  booktitle={Proceedings of the seventh ACM SIGKDD international conference on Knowledge discovery and data mining},
  pages={269--274},
  year={2001},
  organization={ACM}
}

@inproceedings{dhillon2004kernel,
  title={Kernel k-means: spectral clustering and normalized cuts},
  author={Dhillon, Inderjit S and Guan, Yuqiang and Kulis, Brian},
  booktitle={Proceedings of the tenth ACM SIGKDD international conference on Knowledge discovery and data mining},
  pages={551--556},
  year={2004},
  organization={ACM}
}


@inproceedings{ding2005equivalence,
  title={On the equivalence of nonnegative matrix factorization and spectral clustering},
  author={Ding, Chris and He, Xiaofeng and Simon, Horst D},
  booktitle={Proceedings of the 2005 SIAM International Conference on Data Mining},
  pages={606--610},
  year={2005},
  organization={SIAM}
}

@inproceedings{ding2006nonnegative,
  title={Nonnegative matrix factorization and probabilistic latent semantic indexing: Equivalence chi-square statistic, and a hybrid method},
  author={Ding, Chris and Li, Tao and Peng, Wei},
  booktitle={AAAI},
  volume={42},
  pages={137--143},
  year={2006}
}

@inproceedings{ding2006orthogonal,
  title={Orthogonal nonnegative matrix t-factorizations for clustering},
  author={Ding, Chris and Li, Tao and Peng, Wei and Park, Haesun},
  booktitle={Proceedings of the 12th ACM SIGKDD international conference on Knowledge discovery and data mining},
  pages={126--135},
  year={2006},
  organization={ACM}
}

@inproceedings{ding2008nonnegative,
  title={Nonnegative matrix factorization for combinatorial optimization: Spectral clustering, graph matching, and clique finding},
  author={Ding, Chris and Li, Tao and Jordan, Michael I},
  booktitle={Data Mining, 2008. ICDM'08. Eighth IEEE International Conference on},
  pages={183--192},
  year={2008},
  organization={IEEE}
}

@article{doshi2017towards,
  title={Towards a rigorous science of interpretable machine learning},
  author={Doshi-Velez, Finale and Kim, Been},
  journal={arXiv preprint arXiv:1702.08608},
  year={2017}
}

@book{dries1998tame,
title = {Tame topology and o-minimal structures},
author = {{van den Dries}, Lou},
year = {1998},
volume = {248},
series = {London Mathematical Society Lecture Note Series},
publisher = {Cambridge University Press, Cambridge},
}

@book{driver1932quantitative,
  title={Quantitative expression of cultural relationships},
  author={Driver, Harold Edson and Kroeber, Alfred Louis},
  volume={31},
  %number={4},
  year={1932},
  publisher={University of California Press}
}

@inproceedings{duivesteijn2011exploiting,
  title={Exploiting False Discoveries--Statistical Validation of Patterns and Quality Measures in Subgroup Discovery},
  author={Duivesteijn, Wouter and Knobbe, Arno},
  booktitle={Data Mining (ICDM), 2011 IEEE 11th International Conference on},
  pages={151--160},
  year={2011},
  organization={IEEE}
}

@inproceedings{ester1996density,
  title={A density-based algorithm for discovering clusters in large spatial databases with noise.},
  author={Ester, Martin and Kriegel, Hans-Peter and Sander, J{\"o}rg and Xu, Xiaowei and others},
  booktitle={{KDD} Proceedings of the 2nd International Conference on Knowledge Discovery and Data Mining},
  volume={96},
  number={34},
  pages={226--231},
  year={1996}
}

@article{fagan1980computer,
  title={Computer-based medical decision making: from MYCIN to VM},
  author={Fagan, Lawrence M and Shortliffe, Edward H and Buchanan, Bruce G},
  journal={Automedica},
  volume={3},
  number={2},
  pages={97--108},
  year={1980}
}

@article{fan1949theorem,
  title={On a theorem of Weyl concerning eigenvalues of linear transformations I},
  author={Fan, Ky},
  journal={Proceedings of the National Academy of Sciences},
  volume={35},
  number={11},
  pages={652--655},
  year={1949},
  publisher={National Acad Sciences}
}

@book{foucart2013mathematical,
  title={A mathematical introduction to compressive sensing},
  author={Foucart, Simon and Rauhut, Holger},
  volume={1},
  year={2013},
  publisher={Birkh{\"a}user Basel}
}

@book{friedman2001elements,
  title={The elements of statistical learning},
  author={Friedman, Jerome and Hastie, Trevor and Tibshirani, Robert},
  volume={1},
  year={2001},
  publisher={Springer series in statistics New York}
}

@incollection{gaul1996new,
  title={A new algorithm for two-mode clustering},
  author={Gaul, Wolfgang and Schader, Martin},
  booktitle={Data analysis and information systems},
  pages={15--23},
  year={1996},
  publisher={Springer}
}

@inproceedings{gaussier2005relation,
  title={Relation between PLSA and NMF and implications},
  author={Gaussier, Eric and Goutte, Cyril},
  booktitle={Proceedings of the 28th annual international ACM SIGIR conference on Research and development in information retrieval},
  pages={601--602},
  year={2005},
  organization={ACM}
}

@inproceedings{geerts2004tiling,
  title={Tiling databases},
  author={Geerts, Floris and Goethals, Bart and Mielik{\"a}inen, Taneli},
  booktitle={International Conference on Discovery Science},
  pages={278--289},
  year={2004},
  organization={Springer}
}


@article{grippo2000convergence,
  title={On the convergence of the block nonlinear Gauss--Seidel method under convex constraints},
  author={Grippo, Luigi and Sciandrone, Marco},
  journal={Operations research letters},
  volume={26},
  number={3},
  pages={127--136},
  year={2000},
  publisher={Elsevier}
}

@book{grunwald2007minimum,
  title={The minimum description length principle},
  author={Gr{\"u}nwald, Peter D},
  year={2007},
  publisher={MIT press}
}


@article{guattery1998quality,
  title={On the quality of spectral separators},
  author={Guattery, Stephen and Miller, Gary L},
  journal={SIAM Journal on Matrix Analysis and Applications},
  volume={19},
  number={3},
  pages={701--719},
  year={1998},
  publisher={SIAM}
}

@article{gudder2009boolean,
  title={Boolean inner-product spaces and Boolean matrices},
  author={Gudder, Stan and Latr{\'e}moli{\`e}re, Fr{\'e}d{\'e}ric},
  journal={Linear Algebra and its Applications},
  volume={431},
  number={1-2},
  pages={274--296},
  year={2009},
  publisher={Elsevier}
}

@inproceedings{gupta2010nonnegative,
  title={Nonnegative shared subspace learning and its application to social media retrieval},
  author={Gupta, Sunil Kumar and Phung, Dinh and Adams, Brett and Tran, Truyen and Venkatesh, Svetha},
  booktitle={KDD},
  pages={1169--1178},
  year={2010}
}

@article{gupta2013regularized,
  title={Regularized nonnegative shared subspace learning},
  author={Gupta, Sunil Kumar and Phung, Dinh and Adams, Brett and Venkatesh, Svetha},
  journal={DAMI},
  volume={26},
  number={1},
  pages={57--97},
  year={2013},
  publisher={Springer}
}

@incollection{gupta2014matrix,
  title={A matrix factorization framework for jointly analyzing multiple nonnegative data sources},
  author={Gupta, Sunil Kumar and Phung, Dinh and Adams, Brett and Venkatesh, Svetha},
  booktitle={Data Mining for Service},
  pages={151--170},
  year={2014},
  publisher={Springer}
}

@article{hagen1992new,
  title={New spectral methods for ratio cut partitioning and clustering},
  author={Hagen, Lars and Kahng, Andrew B},
  journal={IEEE transactions on computer-aided design of integrated circuits and systems},
  volume={11},
  number={9},
  pages={1074--1085},
  year={1992},
  publisher={IEEE}
}

@inproceedings{han2017bilateral,
  title={Bilateral k-Means Algorithm for Fast Co-Clustering.},
  author={Han, Junwei and Song, Kun and Nie, Feiping and Li, Xuelong},
  booktitle={AAAI},
  pages={1969--1975},
  year={2017}
}

@article{hartigan1972direct,
  title={Direct clustering of a data matrix},
  author={Hartigan, John A},
  journal={Journal of the american statistical association},
  volume={67},
  number={337},
  pages={123--129},
  year={1972},
  publisher={Taylor \& Francis Group}
}

@inproceedings{henning2012quasi,
  author = {Hennig, P. and Kiefel, M.},
  booktitle = {{International Conference on Machine Learning (ICML)}},
  title = {{Quasi-{N}ewton methods -- a new direction}},
  year = {2012},
}

@inproceedings{hennig2013fast,
  title={Fast probabilistic optimization from noisy gradients},
  author={Hennig, Philipp},
  booktitle={International conference on machine learning},
  pages={62--70},
  year={2013}
}

@article{henning2015probabilistic,
  author = {{Hennig}, P.},
  journal = {SIAM J on Optimization},
  month = jan,
  title = {{Probabilistic Interpretation of Linear Solvers}},
  year = {2015},
  link = {http://epubs.siam.org/doi/abs/10.1137/140955501?journalCode=sjope8},
  volume = {25},
  issue = {1},
  file = {http://probabilistic-numerics.org/assets/pdf/HennigLinear2015.pdf}
}

@article{henriques2015structured,
  title={A structured view on pattern mining-based biclustering},
  author={Henriques, Rui and Antunes, Cl{\'a}udia and Madeira, Sara C},
  journal={Pattern Recognition},
  volume={48},
  number={12},
  pages={3941--3958},
  year={2015},
  publisher={Elsevier}
}

@inproceedings{hess2014shrimp,
  author    = {Sibylle Hess and
               Nico Piatkowski and
               Katharina Morik},
  title     = {SHrimp: Descriptive Patterns in a Tree},
  booktitle = {Proceedings of the 16th {LWA} Workshops: KDML, {IR} and FGWM.},
  pages     = {181--192},
  year      = {2014}
}

@article{hess2017primping,
  title={The PRIMPING routine—Tiling through proximal alternating linearized minimization},
  author={Hess, Sibylle and Morik, Katharina and Piatkowski, Nico},
  journal={Data Mining and Knowledge Discovery},
  volume={31},
  number={4},
  pages={1090--1131},
  year={2017},
  publisher={Springer}
}

@inproceedings{hess2017csalt,
  title={C-SALT: Mining Class-Specific ALTerations in Boolean Matrix Factorization},
  author={Hess, Sibylle and Morik, Katharina},
  booktitle={Joint European Conference on Machine Learning and Knowledge Discovery in Databases},
  pages={547--563},
  year={2017},
  organization={Springer}
}


@inproceedings{hess2018trustworthy,
  title={The Trustworthy Pal: Controlling the False Discovery Rate in Boolean Matrix Factorization},
  author={Hess, Sibylle and Piatkowski, Nico and Morik, Katharina},
  booktitle={Proceedings of the 2018 SIAM International Conference on Data Mining},
  pages={405--413},
  year={2018},
  organization={SIAM}
}

@inproceedings{hess2019spectacl,
  title={The SpectACl of Nonconvex Clustering: A Spectral Approach to Density-Based Clustering},
  author={Hess, Sibylle and Duivesteijn, Wouter and  Honysz, Philipp and Morik, Katharina},
  booktitle={AAAI},
  year={2019 (to appear)}
}

@inproceedings{jarrett2009what,
 author    = {Jarrett, Kevin and Kavukcuoglu, Koray and Ranzato,
Marc'Aurelio and LeCun, Yann},
 title     = {What is the best multi-stage architecture for object recognition?},
 booktitle = {{IEEE} 12th International Conference on Computer Vision},
 pages     = {2146--2153},
 year      = {2009},
 publisher = {{IEEE} Computer Society}
}

@inproceedings{jin2017escape,
  title={How to Escape Saddle Points Efficiently},
  author={Jin, Chi and Ge, Rong and Netrapalli, Praneeth and Kakade, Sham M and Jordan, Michael I},
  booktitle={International Conference on Machine Learning},
  pages={1724--1732},
  year={2017}
}

@inproceedings{kang2018unified,
  author    = {Zhao Kang and
               Chong Peng and
               Qiang Cheng and
               Zenglin Xu},
  title     = {Unified Spectral Clustering With Optimal Graph},
  booktitle = {Proc.\@ AAAI},
  year      = {2018}
}

@inproceedings{karaev2015getting,
  title={Getting to know the unknown unknowns: Destructive-noise resistant boolean matrix factorization},
  author={Karaev, Sanjar and Miettinen, Pauli and Vreeken, Jilles},
  booktitle={Proceedings of the 2015 SIAM International Conference on Data Mining},
  pages={325--333},
  year={2015},
  organization={SIAM}
}

@article{kim2014algorithms,
  title={Algorithms for nonnegative matrix and tensor factorizations: A unified view based on block coordinate descent framework},
  author={Kim, Jingu and He, Yunlong and Park, Haesun},
  journal={Journal of Global Optimization},
  volume={58},
  number={2},
  pages={285--319},
  year={2014},
  publisher={Springer}
}

@inproceedings{kim2015simultaneous,
  title={Simultaneous discovery of common and discriminative topics via joint nonnegative matrix factorization},
  author={Kim, Hannah and Choo, Jaegul and Kim, Jingu and Reddy, Chandan K and Park, Haesun},
  booktitle={KDD},
  pages={567--576},
  year={2015}
}

@book{klimek1935culture,
  title={Culture Element Distributions: I. The Structure of California Indian Culture, by Stanislaw Klimek},
  author={Klimek, Stanislaw},
  year={1935},
  publisher={University of California Press}
}

@inproceedings{komiyama2017statistical,
  title={Statistical emerging pattern mining with multiple testing correction},
  author={Komiyama, Junpei and Ishihata, Masakazu and Arimura, Hiroki and Nishibayashi, Takashi and Minato, Shin-ichi},
  booktitle={Proceedings of the 23rd ACM SIGKDD International Conference on Knowledge Discovery and Data Mining},
  pages={897--906},
  year={2017},
  organization={ACM}
}


@inproceedings{kontonasios2010information,
  title={An information-theoretic approach to finding informative noisy tiles in binary databases},
  author={Kontonasios, Kleanthis-Nikolaos and De Bie, Tijl},
  booktitle={Proceedings of the 2010 SIAM international conference on data mining},
  pages={153--164},
  year={2010},
  organization={SIAM}
}


@inproceedings{koyuturk2003proximus,
  title={PROXIMUS: a framework for analyzing very high dimensional discrete-attributed datasets},
  author={Koyut{\"u}rk, Mehmet and Grama, Ananth},
  booktitle={Proceedings of the ninth ACM SIGKDD international conference on Knowledge discovery and data mining},
  pages={147--156},
  year={2003},
  organization={ACM}
}

@article{kriegel2009clustering,
  title={Clustering high-dimensional data: A survey on subspace clustering, pattern-based clustering, and correlation clustering},
  author={Kriegel, Hans-Peter and Kr{\"o}ger, Peer and Zimek, Arthur},
  journal={ACM Transactions on Knowledge Discovery from Data (TKDD)},
  volume={3},
  number={1},
  pages={1},
  year={2009},
  publisher={ACM}
}

@article{kuhn1955hungarian,
  title={The Hungarian method for the assignment problem},
  author={Kuhn, Harold W},
  journal={Naval research logistics quarterly},
  volume={2},
  number={1-2},
  pages={83--97},
  year={1955},
  publisher={Wiley Online Library}
}

@article{lazzeroni2002plaid,
  title={Plaid models for gene expression data},
  author={Lazzeroni, Laura and Owen, Art},
  journal={Statistica sinica},
  pages={61--86},
  year={2002},
  publisher={JSTOR}
}

@article{lecun1998gradient,
  title={Gradient-based learning applied to document recognition},
  author={LeCun, Yann and Bottou, L{\'e}on and Bengio, Yoshua and Haffner, Patrick},
  journal={Proceedings of the IEEE},
  volume={86},
  number={11},
  pages={2278--2324},
  year={1998},
  publisher={IEEE}
}

@article{lee1999learning,
  title={Learning the parts of objects by non-negative matrix factorization},
  author={Lee, Daniel D and Seung, H Sebastian},
  journal={Nature},
  volume={401},
  number={6755},
  pages={788},
  year={1999},
  publisher={Nature Publishing Group}
}

@inproceedings{lee2001algorithms,
  title={Algorithms for non-negative matrix factorization},
  author={Lee, Daniel D and Seung, H Sebastian},
  booktitle={Advances in neural information processing systems},
  pages={556--562},
  year={2001}
}

@article{leskovec2015snap,
  title={$\{$SNAP Datasets$\}$:$\{$Stanford$\}$ Large Network Dataset Collection},
  author={Leskovec, Jure and Krevl, Andrej},
  year={2015}
}

@inproceedings{li2005general,
  title={A general model for clustering binary data},
  author={Li, Tao},
  booktitle={Proceedings of the eleventh ACM SIGKDD international conference on Knowledge discovery in data mining},
  pages={188--197},
  year={2005},
  organization={ACM}
}


@inproceedings{li2006relationships,
  title={The relationships among various nonnegative matrix factorization methods for clustering},
  author={Li, Tao and Ding, Chris},
  booktitle={Data Mining, 2006. ICDM'06. Sixth International Conference on},
  pages={362--371},
  year={2006},
  organization={IEEE}
}

@book{li2008introduction,
  title={An introduction to Kolmogorov complexity and its applications. Texts in Computer Science},
  author={Li, Ming and Vit{\'a}nyi, Paul},
  volume={9},
  year={2008},
  publisher={Springer, New York,}
}

@misc{li2013nonnegative,
  title={Nonnegative Matrix Factorizations for Clustering: A Survey.},
  author={Li, Tao and Ding, Chris HQ},
  year={2013}
}

@article{lin2007projected,
  title={Projected gradient methods for nonnegative matrix factorization},
  author={Lin, Chih-Jen},
  journal={Neural computation},
  volume={19},
  number={10},
  pages={2756--2779},
  year={2007},
  publisher={MIT Press}
}

@inproceedings{llinares2015fast,
  title={Fast and memory-efficient significant pattern mining via permutation testing},
  author={Llinares-L{\'o}pez, Felipe and Sugiyama, Mahito and Papaxanthos, Laetitia and Borgwardt, Karsten},
  booktitle={Proceedings of the 21th ACM SIGKDD International Conference on Knowledge Discovery and Data Mining},
  pages={725--734},
  year={2015},
  organization={ACM}
}

@article{lloyd1982least,
  title={Least squares quantization in PCM},
  author={Lloyd, Stuart},
  journal={IEEE transactions on information theory},
  volume={28},
  number={2},
  pages={129--137},
  year={1982},
  publisher={IEEE}
}


@inproceedings{lu2006combined,
  title={Combined central and subspace clustering for computer vision applications},
  author={Lu, Le and Vidal, Ren{\'e}},
  booktitle={Proceedings of the 23rd international conference on Machine learning},
  pages={593--600},
  year={2006},
  organization={ACM}
}

@inproceedings{lucchese2010noise,
  title={Mining Top-K Patterns from Binary Datasets in Presence of Noise.},
  author={Lucchese, Claudio and Orlando, Salvatore and Perego, Raffaele},
  booktitle={Proceedings of the SIAM International Conference on Data Mining (SDM)},
  volume={10},
  pages={165--176},
  year={2010},
  organization={SIAM}
}

@article{lucchese2014unifying,
  title={A Unifying Framework for Mining Approximate Top-$ k $ Binary Patterns},
  author={Lucchese, Claudio and Orlando, Salvatore and Perego, Raffaele},
  journal={IEEE Transactions on Knowledge and Data Engineering},
  volume={26},
  number={12},
  pages={2900--2913},
  year={2014},
  publisher={IEEE}
}

@article{Luxburg2007tutorial,
  title={A tutorial on spectral clustering},
  author={Von Luxburg, Ulrike},
  journal={Statistics and computing},
  volume={17},
  number={4},
  pages={395--416},
  year={2007},
  publisher={Springer}
}

@article{madeira2004biclustering,
  title={Biclustering algorithms for biological data analysis: a survey},
  author={Madeira, Sara C and Oliveira, Arlindo L},
  journal={IEEE/ACM Transactions on Computational Biology and Bioinformatics (TCBB)},
  volume={1},
  number={1},
  pages={24--45},
  year={2004},
  publisher={IEEE Computer Society Press}
}

@incollection{maurizio2001double,
  title={Double k-means clustering for simultaneous classification of objects and variables},
  author={Maurizio, Vichi},
  booktitle={Advances in classification and data analysis},
  pages={43--52},
  year={2001},
  publisher={Springer}
}

@article{miettinen2008discrete,
  title={The discrete basis problem},
  author={Miettinen, Pauli and Mielik{\"a}inen, Taneli and Gionis, Aristides and Das, Gautam and Mannila, Heikki},
  journal={IEEE Transactions on Knowledge and Data Engineering},
  volume={20},
  number={10},
  pages={1348--1362},
  year={2008},
  publisher={IEEE}
}

@inproceedings{miettinen2010sparse,
  title={Sparse Boolean matrix factorizations},
  author={Miettinen, Pauli},
  booktitle={Data Mining (ICDM), 2010 IEEE 10th International Conference on},
  pages={935--940},
  year={2010},
  organization={IEEE}
}

@inproceedings{miettienen2012finding,
  author    = {Pauli Miettinen},
  title     = {On Finding Joint Subspace Boolean Matrix Factorizations},
  booktitle = {SDM},
  pages     = {954--965},
  year      = {2012},
}

@article{miettinen2014mdl4bmf,
  title={MDL4BMF: Minimum description length for Boolean matrix factorization},
  author={Miettinen, Pauli and Vreeken, Jilles},
  journal={ACM Transactions on Knowledge Discovery from Data (TKDD)},
  volume={8},
  number={4},
  pages={18},
  year={2014},
  publisher={ACM}
}

@inproceedings{miettinen2015generalized,
  title={Generalized matrix factorizations as a unifying framework for pattern set mining: Complexity beyond blocks},
  author={Miettinen, Pauli},
  booktitle={Joint European Conference on Machine Learning and Knowledge Discovery in Databases},
  pages={36--52},
  year={2015},
  organization={Springer}
}

@article{mirkin1995additive,
  title={Additive two-mode clustering: the error-variance approach revisited},
  author={Mirkin, Boris and Arabie, Phipps and Hubert, Lawrence J},
  journal={Journal of Classification},
  volume={12},
  number={2},
  pages={243--263},
  year={1995},
  publisher={Springer}
}

@article{mohar1991laplacian,
  title={The Laplacian spectrum of graphs},
  author={Mohar, Bojan and Alavi, Y and Chartrand, G and Oellermann, OR},
  journal={Graph theory, combinatorics, and applications},
  volume={2},
  number={871-898},
  pages={12},
  year={1991}
}

@incollection{mohar1997some,
  title={Some applications of Laplace eigenvalues of graphs},
  author={Mohar, Bojan},
  booktitle={Graph symmetry},
  pages={225--275},
  year={1997},
  publisher={Springer}
}

@book{morik1993knowledge,
  title={Knowledge acquisition and machine learning},
  author={Morik, Katherina and Kietz, Borg-Ewe and Emde, Werner and Wrobel, Stephan},
  year={1993},
  publisher={Morgan Kaufmann Publishers Inc.}
}

@article{muggleton1994inductive,
  title={Inductive logic programming: Theory and methods},
  author={Muggleton, Stephen and De Raedt, Luc},
  journal={The Journal of Logic Programming},
  volume={19},
  pages={629--679},
  year={1994},
  publisher={Elsevier}
}

@inproceedings{mukherjee2015nmf,
  title={An NMF perspective on binary hashing},
  author={Mukherjee, Lopamudra and Ravi, Sathya N and Ithapu, Vamsi K and Holmes, Tyler and Singh, Vikas},
  booktitle={Proceedings of the IEEE International Conference on Computer Vision},
  pages={4184--4192},
  year={2015}
}

@inproceedings{nie2017learning,
  title={Learning a structured optimal bipartite graph for co-clustering},
  author={Nie, Feiping and Wang, Xiaoqian and Deng, Cheng and Huang, Heng},
  booktitle={Advances in Neural Information Processing Systems},
  pages={4129--4138},
  year={2017}
}

@article{nikitidis2014projected,
  title={Projected gradients for subclass discriminant nonnegative subspace learning},
  author={Nikitidis, Symeon and Tefas, Anastasios and Pitas, Ioannis},
  journal={IEEE transactions on cybernetics},
  volume={44},
  number={12},
  pages={2806--2819},
  year={2014},
  publisher={IEEE}
}

@article{odibat2014efficient,
  title={Efficient mining of discriminative co-clusters from gene expression data},
  author={Odibat, Omar and Reddy, Chandan K},
  journal={Knowledge and information systems},
  volume={41},
  number={3},
  pages={667--696},
  year={2014},
  publisher={Springer}
}

@article{paatero1994positive,
  title={Positive matrix factorization: A non-negative factor model with optimal utilization of error estimates of data values},
  author={Paatero, Pentti and Tapper, Unto},
  journal={Environmetrics},
  volume={5},
  number={2},
  pages={111--126},
  year={1994},
  publisher={Wiley Online Library}
}

@article{pacifico2007scan,
  title={Scan clustering: A false discovery approach},
  author={Pacifico, M Perone and Genovese, Christopher and Verdinelli, I and Wasserman, Larry},
  journal={Journal of Multivariate Analysis},
  volume={98},
  number={7},
  pages={1441--1469},
  year={2007},
  publisher={Elsevier}
}


@article{parikh2014proximal,
  title={Proximal algorithms},
  author={Parikh, Neal and Boyd, Stephen and others},
  journal={Foundations and Trends{\textregistered} in Optimization},
  volume={1},
  number={3},
  pages={127--239},
  year={2014},
  publisher={Now Publishers, Inc.}
}

@phdthesis{piatkowski2018exponential,
  title={Exponential families on resource-constrained systems.},
  author={Piatkowski, Nico},
  year={2018},
  school={Technical University of Dortmund, Germany}
}


@article{pompili2014ONMF,
  title={Two algorithms for orthogonal nonnegative matrix factorization with application to clustering},
  author={Pompili, Filippo and Gillis, Nicolas and Absil, P-A and Glineur, Fran{\c{c}}ois},
  journal={Neurocomputing},
  volume={141},
  pages={15--25},
  year={2014},
  publisher={Elsevier}
}

@article{rissanen1978modeling,
  author = {Rissanen, J.},
  journal = {Automatica},
  pages = {465--471},
  priority = {2},
  title = {Modeling By Shortest Data Description},
  volume = 14,
  year = 1978
}

@article{scholkopf1998nonlinear,
  title={Nonlinear component analysis as a kernel eigenvalue problem},
  author={Sch{\"o}lkopf, Bernhard and Smola, Alexander and M{\"u}ller, Klaus-Robert},
  journal={Neural computation},
  volume={10},
  number={5},
  pages={1299--1319},
  year={1998},
  publisher={MIT Press}
}

@article{schramm2015mutational,
  title={Mutational dynamics between primary and relapse neuroblastomas},
  author={Schramm, Alexander and K{\"o}ster, Johannes and Assenov, Yassen and Althoff, Kristina and Peifer, Martin and Mahlow, Ellen and Odersky, Andrea and Beisser, Daniela and Ernst, Corinna and Henssen, Anton G and others},
  journal={Nature genetics},
  volume={47},
  number={8},
  pages={872},
  year={2015},
  publisher={Nature Publishing Group}
}

@inproceedings{shen2009mining,
  title={Mining discrete patterns via binary matrix factorization},
  author={Shen, Bao-Hong and Ji, Shuiwang and Ye, Jieping},
  booktitle={Proceedings of the 15th ACM SIGKDD international conference on Knowledge discovery and data mining},
  pages={757--766},
  year={2009},
  organization={ACM}
}

@article{shen2016fast,
  title={A Fast Optimization Method for General Binary Code Learning.},
  author={Shen, Fumin and Zhou, Xiang and Yang, Yang and Song, Jingkuan and Shen, Heng Tao and Tao, Dacheng},
  journal={IEEE Trans. Image Processing},
  volume={25},
  number={12},
  pages={5610--5621},
  year={2016}
}

@article{shi2000normalized,
  title={Normalized cuts and image segmentation},
  author={Shi, Jianbo and Malik, Jitendra},
  journal={IEEE Transactions on pattern analysis and machine intelligence},
  volume={22},
  number={8},
  pages={888--905},
  year={2000},
  publisher={Ieee}
}

@inproceedings{siebes2006item,
  title={Item sets that compress},
  author={Siebes, Arno and Vreeken, Jilles and Leeuwen, Matthijs van},
  booktitle={Proceedings of the 2006 SIAM International Conference on Data Mining},
  pages={395--406},
  year={2006},
  organization={SIAM}
}

@inproceedings{siebes2011structure,
  title={A Structure Function for Transaction Data.},
  author={Siebes, Arno and Kersten, Ren{\'e}},
  booktitle={Proceedings of the SIAM International Conference on Data Mining (SDM)},
  pages={558--569},
  year={2011},
  organization={SIAM}
}

@article{silver2017mastering,
  title={Mastering the game of Go without human knowledge},
  author={Silver, David and Schrittwieser, Julian and Simonyan, Karen and Antonoglou, Ioannis and Huang, Aja and Guez, Arthur and Hubert, Thomas and Baker, Lucas and Lai, Matthew and Bolton, Adrian and others},
  journal={Nature},
  volume={550},
  number={7676},
  pages={354},
  year={2017},
  publisher={Nature Publishing Group}
}


@inproceedings{slawski2013matrix,
  title={Matrix factorization with binary components},
  author={Slawski, Martin and Hein, Matthias and Lutsik, Pavlo},
  booktitle={Advances in Neural Information Processing Systems},
  pages={3210--3218},
  year={2013}
}

@inproceedings{smets2012slim,
  title={Slim: Directly mining descriptive patterns},
  author={Smets, Koen and Vreeken, Jilles},
  booktitle={Proceedings of the 2012 SIAM International Conference on Data Mining},
  pages={236--247},
  year={2012},
  organization={SIAM}
}

@article{tatti2012comparing,
  title={Comparing apples and oranges: measuring differences between exploratory data mining results},
  author={Tatti, Nikolaj and Vreeken, Jilles},
  journal={Data Mining and Knowledge Discovery},
  volume={25},
  number={2},
  pages={173--207},
  year={2012},
  publisher={Springer}
}

@book{tryon1939cluster,
  title={Cluster analysis: Correlation profile and orthometric (factor) analysis for the isolation of unities in mind and personality},
  author={Tryon, Robert Choate},
  year={1939},
  publisher={Edwards brother, Incorporated, lithoprinters and publishers}
}

@article{turner2005improved,
  title={Improved biclustering of microarray data demonstrated through systematic performance tests},
  author={Turner, Heather and Bailey, Trevor and Krzanowski, Wojtek},
  journal={Computational statistics \& data analysis},
  volume={48},
  number={2},
  pages={235--254},
  year={2005},
  publisher={Elsevier}
}

@article{van2004two,
  title={Two-mode clustering methods: astructuredoverview},
  author={Van Mechelen, Iven and Bock, Hans-Hermann and De Boeck, Paul},
  journal={Statistical methods in medical research},
  volume={13},
  number={5},
  pages={363--394},
  year={2004},
  publisher={Sage Publications Sage CA: Thousand Oaks, CA}
}

@article{van2009optimization,
  title={Optimization strategies for two-mode partitioning},
  author={Van Rosmalen, Joost and Groenen, Patrick JF and Trejos, Javier and Castillo, William},
  journal={Journal of Classification},
  volume={26},
  number={2},
  pages={155--181},
  year={2009},
  publisher={Springer}
}

@inproceedings{van2008streamkrimp,
  title={Streamkrimp: Detecting change in data streams},
  author={Van Leeuwen, Matthijs and Siebes, Arno},
  booktitle={Joint European Conference on Machine Learning and Knowledge Discovery in Databases},
  pages={672--687},
  year={2008}
}

@article{vavasis2009complexity,
  title={On the complexity of nonnegative matrix factorization},
  author={Vavasis, Stephen A},
  journal={SIAM Journal on Optimization},
  volume={20},
  number={3},
  pages={1364--1377},
  year={2009},
  publisher={SIAM}
}

@inproceedings{vreeken2007characterising,
  title={Characterising the difference},
  author={Vreeken, Jilles and Van Leeuwen, Matthijs and Siebes, Arno},
  booktitle={Proceedings of the 13th ACM SIGKDD international conference on Knowledge discovery and data mining},
  pages={765--774},
  year={2007},
  organization={ACM}
}

@article{vreeken2011krimp,
  title={Krimp: mining itemsets that compress},
  author={Vreeken, Jilles and Van Leeuwen, Matthijs and Siebes, Arno},
  journal={Data Mining and Knowledge Discovery},
  volume={23},
  number={1},
  pages={169--214},
  year={2011}
}

@inproceedings{wang2011fast,
  title={Fast nonnegative matrix tri-factorization for large-scale data co-clustering},
  author={Wang, Hua and Nie, Feiping and Huang, Heng and Makedon, Fillia},
  booktitle={IJCAI, Proceedings of the 22nd International Joint Conference on Artificial Intelligence},
  pages={1553},
  year={2011}
}


@article{wang2013nonnegative,
  title={Nonnegative matrix factorization: A comprehensive review},
  author={Wang, Yu-Xiong and Zhang, Yu-Jin},
  journal={IEEE Transactions on Knowledge and Data Engineering},
  volume={25},
  number={6},
  pages={1336--1353},
  year={2013},
  publisher={IEEE}
}

@article{webb2007discovering,
  title={Discovering significant patterns},
  author={Webb, Geoffrey I},
  journal={Machine learning},
  volume={68},
  number={1},
  pages={1--33},
  year={2007},
  publisher={Springer}
}

@inproceedings{whang2017nonCo,
  author    = {Joyce Jiyoung Whang and
               Inderjit S. Dhillon},
  title     = {Non-Exhaustive, Overlapping Co-Clustering},
  booktitle = {{CIKM} Proceedings of the {ACM} Conference on Information and Knowledge Management},
  pages     = {2367--2370},
  publisher = {{ACM}},
  year      = {2017}
}

@article{whang2018non,
  title={Non-exhaustive, Overlapping Clustering},
  author={Whang, Joyce Jiyoung and Hou, Yangyang and Gleich, David and Dhillon, Inderjit S},
  journal={IEEE transactions on pattern analysis and machine intelligence},
  year={2018},
  publisher={IEEE}
}

@article{xiang2011summarizing,
  title={Summarizing transactional databases with overlapped hyperrectangles},
  author={Xiang, Yang and Jin, Ruoming and Fuhry, David and Dragan, Feodor F},
  journal={Data Mining and Knowledge Discovery},
  volume={23},
  number={2},
  pages={215--251},
  year={2011},
  publisher={Springer}
}

@article{yoo2010orthogonal,
  title={Orthogonal nonnegative matrix tri-factorization for co-clustering: Multiplicative updates on stiefel manifolds},
  author={Yoo, Jiho and Choi, Seungjin},
  journal={Information processing \& management},
  volume={46},
  number={5},
  pages={559--570},
  year={2010},
  publisher={Elsevier}
}



@article{zdunek2008data,
  title={Data clustering with semi-binary nonnegative matrix factorization},
  author={Zdunek, Rafal},
  journal={Artificial Intelligence and Soft Computing--ICAISC 2008},
  pages={705--716},
  year={2008},
  publisher={Springer}
}

@inproceedings{zha2001bipartite,
  title={Bipartite graph partitioning and data clustering},
  author={Zha, Hongyuan and He, Xiaofeng and Ding, Chris and Simon, Horst and Gu, Ming},
  booktitle={Proceedings of the tenth international conference on Information and knowledge management},
  pages={25--32},
  year={2001},
  organization={ACM}
}

@inproceedings{zha2002spectral,
  title={Spectral relaxation for k-means clustering},
  author={Zha, Hongyuan and He, Xiaofeng and Ding, Chris and Gu, Ming and Simon, Horst D},
  booktitle={Advances in neural information processing systems},
  pages={1057--1064},
  year={2002}
}

@inproceedings{zhang2007binary,
  title={Binary matrix factorization with applications},
  author={Zhang, Zhongyuan and Li, Tao and Ding, Chris and Zhang, Xiangsun},
  booktitle={Data Mining, 2007. ICDM 2007. Seventh IEEE International Conference on},
  pages={391--400},
  year={2007},
  organization={IEEE}
}

@article{zhang2010binary,
  title={Binary matrix factorization for analyzing gene expression data},
  author={Zhang, Zhong-Yuan and Li, Tao and Ding, Chris and Ren, Xian-Wen and Zhang, Xiang-Sun},
  journal={Data Mining and Knowledge Discovery},
  volume={20},
  number={1},
  pages={28},
  year={2010},
  publisher={Springer}
}

@article{zhang2013overlapping,
  title={Overlapping community detection in complex networks using symmetric binary matrix factorization},
  author={Zhang, Zhong-Yuan and Wang, Yong and Ahn, Yong-Yeol},
  journal={Physical Review E},
  volume={87},
  number={6},
  pages={062803},
  year={2013},
  publisher={APS}
}

@article{zimek2015blind,
  title={The blind men and the elephant: on meeting the problem of multiple truths in data from clustering and pattern mining perspectives},
  author={Zimek, Arthur and Vreeken, Jilles},
  journal={Machine Learning},
  volume={98},
  number={1-2},
  pages={121--155},
  year={2015},
  publisher={Springer}
}

